[gd_scene load_steps=26 format=2]

[ext_resource path="res://Game/Common/Vehicles/Planes/MyPlane.tscn" type="PackedScene" id=1]
[ext_resource path="res://Game/Common/Vehicles/Components/Engines/MyCylinderEngineComponent.tscn" type="PackedScene" id=2]
[ext_resource path="res://Game/Common/Vehicles/Components/Bodies/MyBomberBackEngineBodyComponent.tscn" type="PackedScene" id=3]
[ext_resource path="res://Game/Common/Vehicles/Components/Bodies/MyBomberEngineBodyComponent.tscn" type="PackedScene" id=4]
[ext_resource path="res://Game/Common/Vehicles/Components/Bodies/MyBomberCockpitComponent.tscn" type="PackedScene" id=5]
[ext_resource path="res://Game/Common/Vehicles/Components/Bodies/MyBomberBackBodyComponent.tscn" type="PackedScene" id=6]
[ext_resource path="res://Game/Common/Vehicles/Components/Bodies/MyBomberFroBotBodyComponent.tscn" type="PackedScene" id=7]
[ext_resource path="res://Game/Common/Vehicles/Components/Bodies/MyBomberBackCockpitComponent.tscn" type="PackedScene" id=8]
[ext_resource path="res://Game/Common/Vehicles/Components/Bodies/MyBomberFrontBodyComponent.tscn" type="PackedScene" id=9]
[ext_resource path="res://Game/Common/Vehicles/Components/Bodies/MyBomberFrontCockpitComponent.tscn" type="PackedScene" id=10]
[ext_resource path="res://Game/Common/Vehicles/Components/Bodies/MyBomberFroUpBodyComponent.tscn" type="PackedScene" id=11]
[ext_resource path="res://Game/Common/Vehicles/Components/Bodies/MyBomberMidBotBodyComponent.tscn" type="PackedScene" id=12]
[ext_resource path="res://Game/Common/Vehicles/Components/Bodies/MyBomberMiddleBodyComponent.tscn" type="PackedScene" id=13]
[ext_resource path="res://Game/Common/Vehicles/Components/Bodies/MyBomberWingSupportBodyComponent.tscn" type="PackedScene" id=14]
[ext_resource path="res://Game/Common/Vehicles/Components/Bodies/MyBomberRopeComponent.tscn" type="PackedScene" id=15]
[ext_resource path="res://Game/Common/Vehicles/Components/Bodies/MyBomberMidUpBodyComponent.tscn" type="PackedScene" id=16]
[ext_resource path="res://Game/Common/Vehicles/Components/Tails/MyBomberTailComponent.tscn" type="PackedScene" id=17]
[ext_resource path="res://Game/Common/Vehicles/Components/Wings/MyBomberWingComponent.tscn" type="PackedScene" id=18]
[ext_resource path="res://Game/Common/Vehicles/Components/Guns/Turrets/My23mmTurret.tscn" type="PackedScene" id=19]
[ext_resource path="res://Game/Common/Vehicles/Components/Pilots/MyGunnerComponent.tscn" type="PackedScene" id=20]
[ext_resource path="res://Game/Common/Vehicles/Components/Pilots/MyPilotComponent.tscn" type="PackedScene" id=21]
[ext_resource path="res://Game/Common/Vehicles/Components/Pilots/MyReversedGunnerComponent.tscn" type="PackedScene" id=22]
[ext_resource path="res://Game/Common/Vehicles/Components/Guns/Bombs/MyBombGun.tscn" type="PackedScene" id=23]
[ext_resource path="res://Game/Common/Vehicles/Components/Guns/Turrets/My12mmReversedTurret.tscn" type="PackedScene" id=24]

[sub_resource type="RectangleShape2D" id=1]
extents = Vector2( 64, 26 )

[node name="KinematicBody2D" instance=ExtResource( 1 )]
EngineThrust = 7.5
AirResistance = 0.054
WingLift = 0.4
ReversedWingLiftEfficiency = 0.2
Manoeuvrability = 30.0
EnergyConservation = 0.9
PrimaryGunType = 2
SecondaryGunType = 2
ThirdGunType = 3

[node name="LandingGearRear" parent="." index="1"]
position = Vector2( -15, 24 )

[node name="LandingGearFront" parent="." index="2"]
position = Vector2( 24, 27 )

[node name="StaticBody2D" parent="." index="3"]
position = Vector2( -15, -1 )

[node name="CollisionShape2D" parent="StaticBody2D" index="0"]
position = Vector2( 2, 2 )
shape = SubResource( 1 )

[node name="StallEmitter" parent="." index="14"]
position = Vector2( -2.99998, -7.00001 )

[node name="BG" parent="." index="15" instance=ExtResource( 23 )]
position = Vector2( 2.89643, 16.2839 )
ComponentType = 8
AmmoCount = 8
RateOfFire = 240.0
AngleOfDispertion = 5.0

[node name="MyBackGunner" parent="." index="16" instance=ExtResource( 22 )]
position = Vector2( -28, 13 )

[node name="MyPilot" parent="." index="17" instance=ExtResource( 21 )]
position = Vector2( 37.5, 15.5 )
scale = Vector2( 0.999999, 0.999999 )

[node name="MyPilot2" parent="." index="18" instance=ExtResource( 21 )]
position = Vector2( 29, 15.5 )
scale = Vector2( 0.999999, 0.999999 )

[node name="MyGunnerFront" parent="." index="19" instance=ExtResource( 20 )]
position = Vector2( 42, 19 )
rotation = 0.261799

[node name="MyBomberCockpit" parent="." index="20" instance=ExtResource( 5 )]
position = Vector2( 34, 9 )

[node name="TU23" parent="." index="21" instance=ExtResource( 19 )]
position = Vector2( 46, 21 )
rotation = 1.0472
ExplosionRadius = 15
ComponentType = 6
AngleMax = 60.0
AngleMin = -30.0
Gunner = NodePath("../MyGunnerFront")

[node name="MyEngine" parent="." index="22" instance=ExtResource( 2 )]
position = Vector2( 18, -8 )

[node name="MyEngine2" parent="." index="23" instance=ExtResource( 2 )]
position = Vector2( 18, -8 )

[node name="MyEngineBody" parent="." index="24" instance=ExtResource( 4 )]
position = Vector2( 18, -8 )

[node name="MyEngineBody2" parent="." index="25" instance=ExtResource( 4 )]
position = Vector2( 18, -8 )

[node name="MyBackEngineBody" parent="." index="26" instance=ExtResource( 3 )]
position = Vector2( -1, -7 )

[node name="MyBackEngineBody2" parent="." index="27" instance=ExtResource( 3 )]
position = Vector2( -1, -7 )

[node name="MyFroUpBody" parent="." index="28" instance=ExtResource( 7 )]
position = Vector2( 17, 19 )

[node name="MyFrontBody" parent="." index="29" instance=ExtResource( 9 )]
position = Vector2( 47, 21 )

[node name="MyFrontCockpit" parent="." index="30" instance=ExtResource( 10 )]
position = Vector2( 47, 13 )

[node name="MyFroBotBody" parent="." index="31" instance=ExtResource( 11 )]
position = Vector2( 17, 19 )

[node name="MyMidBotBody" parent="." index="32" instance=ExtResource( 12 )]
position = Vector2( -7, 24 )
ToDestroyOnDestroyed = [ NodePath("../LandingGearRear") ]
HideOnDestroy = true

[node name="MyMiddleBody" parent="." index="33" instance=ExtResource( 13 )]
position = Vector2( 35, 19 )

[node name="MyMidUpBody" parent="." index="34" instance=ExtResource( 16 )]
position = Vector2( -10, 16 )

[node name="MyBomberTail" parent="." index="35" instance=ExtResource( 17 )]
position = Vector2( -63, -13 )

[node name="MyRope" parent="." index="36" instance=ExtResource( 15 )]
position = Vector2( -25, -14 )

[node name="MySupport" parent="." index="37" instance=ExtResource( 14 )]
ToDestroyOnDestroyed = [ NodePath("../MyBomberWing"), NodePath("../MyEngine2"), NodePath("../MyEngineBody"), NodePath("../MyEngineBody2"), NodePath("../MyBackEngineBody"), NodePath("../MyBackEngineBody2"), NodePath("../MyRope"), NodePath("../MyEngine") ]
HideOnDestroy = true

[node name="TU12" parent="." index="38" instance=ExtResource( 24 )]
position = Vector2( -35, 10 )
rotation = 4.53786
scale = Vector2( 0.999999, 0.999999 )
ExplosionRadius = 50
ComponentType = 7
AngleMax = 260.0
AngleMin = 120.0
Gunner = NodePath("../MyBackGunner")

[node name="MyBackBody" parent="." index="39" instance=ExtResource( 6 )]
position = Vector2( -49, 10 )
ToDestroyOnDestroyed = [ NodePath("../MyRope"), NodePath("../MyBomberTail"), NodePath("../TU12"), NodePath("../TU122"), NodePath("../MyBackCockpit"), NodePath("../MyBackGunner") ]
HideOnDestroy = true

[node name="TU122" parent="." index="40" instance=ExtResource( 24 )]
position = Vector2( -35, 10 )
rotation = 2.0944
scale = Vector2( 0.999999, 0.999999 )
ExplosionRadius = 10
ComponentType = 7
AngleMax = 260.0
AngleMin = 120.0
Gunner = NodePath("../MyBackGunner")

[node name="MyBackCockpit" parent="." index="41" instance=ExtResource( 8 )]
position = Vector2( -30, 8 )

[node name="MyBomberWing" parent="." index="42" instance=ExtResource( 18 )]
position = Vector2( -7, -6 )
